@article{scikit-learn,
 title={Scikit-learn: Machine Learning in Python},
 author={Pedregosa, F. and Varoquaux, G. and Gramfort, A. and Michel, V.
         and Thirion, B. and Grisel, O. and Blondel, M. and Prettenhofer, P.
         and Weiss, R. and Dubourg, V. and Vanderplas, J. and Passos, A. and
         Cournapeau, D. and Brucher, M. and Perrot, M. and Duchesnay, E.},
 journal={Journal of Machine Learning Research},
 volume={12},
 pages={2825--2830},
 year={2011}
}

@book{friedman2001elements,
  title={The elements of statistical learning},
  author={Friedman, Jerome and Hastie, Trevor and Tibshirani, Robert},
  volume={1},
  number={10},
  year={2001},
  publisher={Springer series in statistics New York, NY, USA:}
}

@Misc{pcavsfa,
  howpublished = {\url{https://scikit-learn.org/stable/auto_examples/decomposition/plot_pca_vs_fa_model_selection.html#sphx-glr-auto-examples-decomposition-plot-pca-vs-fa-model-selection-py}},
  note = {Accessed January 18, 2019},
  title = {Model selection with Probabilistic PCA and Factor Analysis},
  author = {Gramfort, Alexandre and Engemann, Denis}
}

@article{robertson2009probabilistic,
  title={The probabilistic relevance framework: BM25 and beyond},
  author={Robertson, Stephen and Zaragoza, Hugo and others},
  journal={Foundations and Trends{\textregistered} in Information Retrieval},
  volume={3},
  number={4},
  pages={333--389},
  year={2009},
  publisher={Now Publishers, Inc.}
}

@misc{harman1992inverted,
  title={Inverted Files.},
  author={Harman, Donna and Fox, Edward A and Baeza-Yates, Ricardo A and Lee, Whay C},
  year={1992}
}


@article{greengrass2000information,
  title={Information retrieval: A survey},
  author={Greengrass, Ed},
  year={2000},
  publisher={Citeseer}
}


@article{kausar2013web,
  title={Web crawler: a review},
  author={Kausar, Md Abu and Dhaka, VS and Singh, Sanjeev Kumar},
  journal={International Journal of Computer Applications},
  volume={63},
  number={2},
  year={2013},
  publisher={Citeseer}
}


@book{holovaty2009definitive,
  title={The definitive guide to Django: Web development done right},
  author={Holovaty, Adrian and Kaplan-Moss, Jacob},
  year={2009},
  publisher={Apress}
}